<?xml version="1.0" encoding="utf-8"?>
<record xmlns="http://www.loc.gov/MARC21/slim" xmlns:xsi="http://www.w3.org/2001/XMLSchema-instance" xsi:schemaLocation="http://www.loc.gov/MARC21/slim http://www.loc.gov/standards/marcxml/schema/MARC21slim.xsd">
	<leader>     nam a22     Mi 4500</leader>
	<controlfield tag="001">1538381</controlfield>
	<controlfield tag="003">NjP</controlfield>
	<controlfield tag="006">m        d        </controlfield>
	<controlfield tag="007">cr cn |||m|||a</controlfield>
	<controlfield tag="008">210322m19291972ua      o     000 0 araod</controlfield>
	<datafield ind1=" " ind2=" " tag="040">
		<subfield code="a">ZYU</subfield>
		<subfield code="b">ara</subfield>
		<subfield code="e">rda</subfield>
		<subfield code="c">ZYU</subfield>
	</datafield>
	<datafield ind1=" " ind2=" " tag="043">
		<subfield code="a">f-ua---</subfield>
	</datafield>
	<datafield ind1=" " ind2="4" tag="050">
		<subfield code="a">DT96</subfield>
		<subfield code="b">.I387</subfield>
	</datafield>
	<datafield ind1="1" ind2=" " tag="100">
		<subfield code="6">880-01</subfield>
		<subfield code="a">Ibn Taghrībirdī, Abū al-Maḥāsin Yūsuf,</subfield>
		<subfield code="d">1411-1470.</subfield>
	</datafield>
	<datafield ind1="1" ind2="3" tag="245">
		<subfield code="6">880-02</subfield>
		<subfield code="a">al-Nujūm al-ẓāhirah fī mulūk Miṣr wa-al-Qāhirah /</subfield>
		<subfield code="c">taʼlīf Jamāl al-Dīn Abī al-Maḥāsin Yūsuf ibn Taghrī Birdī al-Atābikī.</subfield>
	</datafield>
	<datafield ind1=" " ind2=" " tag="250">
		<subfield code="6">880-03</subfield>
		<subfield code="a">al-Ṭabʻah 1.</subfield>
	</datafield>
	<datafield ind1=" " ind2=" " tag="260">
		<subfield code="6">880-04</subfield>
		<subfield code="a">al-Qāhirah :</subfield>
		<subfield code="b">Maṭbaʻat Dār al-Kutub al-Miṣrīyah,</subfield>
		<subfield code="c">1929-1972.</subfield>
	</datafield>
	<datafield ind1=" " ind2=" " tag="300">
		<subfield code="a">online resource (16 volumes)</subfield>
	</datafield>
	<datafield ind1=" " ind2=" " tag="336">
		<subfield code="a">text</subfield>
		<subfield code="2">rdacontent</subfield>
	</datafield>
	<datafield ind1=" " ind2=" " tag="337">
		<subfield code="a">computer</subfield>
		<subfield code="2">rdamedia</subfield>
	</datafield>
	<datafield ind1=" " ind2=" " tag="338">
		<subfield code="a">online resource</subfield>
		<subfield code="2">rdacarrier</subfield>
	</datafield>
	<datafield ind1=" " ind2=" " tag="500">
		<subfield code="6">880-05</subfield>
		<subfield code="a">At head of title: Dār al-Kutub al-Miṣrīyah. al-Qism al-Adabī.</subfield>
	</datafield>
	<datafield ind1=" " ind2=" " tag="500">
		<subfield code="a">Part of the Arabic Collections Online (ACO) project, contributed by Princeton University Libraries.</subfield>
	</datafield>
	<datafield ind1=" " ind2=" " tag="533">
		<subfield code="a">Electronic reproduction.</subfield>
		<subfield code="b">New York, N.Y. :</subfield>
		<subfield code="c">New York University,</subfield>
		<subfield code="d">2021.</subfield>
		<subfield code="5">NNU</subfield>
	</datafield>
	<datafield ind1=" " ind2="0" tag="651">
		<subfield code="a">Egypt</subfield>
		<subfield code="x">History</subfield>
		<subfield code="y">640-1882.</subfield>
	</datafield>
	<datafield ind1=" " ind2="7" tag="651">
		<subfield code="a">Egypt.</subfield>
		<subfield code="2">fast</subfield>
		<subfield code="0">(OCoLC)fst01208755</subfield>
	</datafield>
	<datafield ind1=" " ind2="7" tag="648">
		<subfield code="a">640-1882</subfield>
		<subfield code="2">fast</subfield>
	</datafield>
	<datafield ind1=" " ind2="7" tag="655">
		<subfield code="a">History.</subfield>
		<subfield code="2">fast</subfield>
		<subfield code="0">(OCoLC)fst01411628</subfield>
	</datafield>
	<datafield ind1="2" ind2=" " tag="710">
		<subfield code="6">880-06</subfield>
		<subfield code="a">Dār al-Kutub al-Miṣrīyah.</subfield>
		<subfield code="b">Qism al-Adabī.</subfield>
	</datafield>
	<datafield ind1="2" ind2=" " tag="710">
		<subfield code="a">Princeton University.</subfield>
		<subfield code="b">Library.</subfield>
	</datafield>
	<datafield ind1="0" ind2=" " tag="730">
		<subfield code="a">Arabic Collections Online.</subfield>
	</datafield>
	<datafield ind1="0" ind2="8" tag="776">
		<subfield code="i">Online version:</subfield>
		<subfield code="a">Ibn Taghrībirdī, Abū al-Maḥāsin Yūsuf, 1411-1470.</subfield>
		<subfield code="t">Nujūm al-ẓāhirah fī mulūk Miṣr wa-al-Qāhirah.</subfield>
		<subfield code="d">al-Qāhirah : [s.n.], 1929-1972</subfield>
		<subfield code="w">(OCoLC)607714698</subfield>
	</datafield>
	<datafield ind1="0" ind2="8" tag="776">
		<subfield code="i">Print version:</subfield>
		<subfield code="a">Ibn Taghrībirdī, Abū al-Maḥāsin Yūsuf, 1411-1470.</subfield>
		<subfield code="t">al-Nujūm al-ẓāhirah fī mulūk Miṣr wa-al-Qāhirah</subfield>
		<subfield code="w">(NjP)1538381</subfield>
		<subfield code="w">(DLC)ne 68002184 </subfield>
		<subfield code="w">(OCoLC)22693823</subfield>
	</datafield>
	<datafield ind1="4" ind2="0" tag="856">
		<subfield code="u">http://hdl.handle.net/2333.1/4xgxdc8f</subfield>
	</datafield>
	<datafield ind1="1" ind2=" " tag="880">
		<subfield code="6">100-01</subfield>
		<subfield code="a">ابن تغريبردي، ابو المحاسن يوسف،</subfield>
		<subfield code="d">1411-1470.</subfield>
	</datafield>
	<datafield ind1="1" ind2="2" tag="880">
		<subfield code="6">245-02</subfield>
		<subfield code="a">النجوم الظاهرة في ملوك مصر والقاهرة /</subfield>
		<subfield code="c">تأليف جمال الدين ابي المحاسن يوسف بن تغري بردي الاتابكي.</subfield>
	</datafield>
	<datafield ind1=" " ind2=" " tag="880">
		<subfield code="6">250-03</subfield>
		<subfield code="a">‏الطبعة ١.</subfield>
	</datafield>
	<datafield ind1=" " ind2=" " tag="880">
		<subfield code="6">260-04</subfield>
		<subfield code="a">‏القاهرة :‏</subfield>
		<subfield code="b">‏مطبعة دار الكتب المصرية،‏</subfield>
		<subfield code="c">‏-١٩٢٩-١٩٧٢.</subfield>
	</datafield>
	<datafield ind1=" " ind2=" " tag="880">
		<subfield code="6">500-05</subfield>
		<subfield code="a">At head of title: دار الكتب المصرية. القسم الادبي.</subfield>
	</datafield>
	<datafield ind1="2" ind2=" " tag="880">
		<subfield code="6">710-06</subfield>
		<subfield code="a">دار الكتب المصرية.</subfield>
		<subfield code="b">قسم الادبي.</subfield>
	</datafield>
	<datafield ind1=" " ind2=" " tag="959">
		<subfield code="a">NNU</subfield>
		<subfield code="b">WEB</subfield>
		<subfield code="c">GENI</subfield>
		<subfield code="t">0</subfield>
		<subfield code="m">Electronic access</subfield>
		<subfield code="s">01</subfield>
	</datafield>
	<datafield ind1=" " ind2=" " tag="999">
		<subfield code="i">NjP_1538381</subfield>
		<subfield code="o">(OCoLC)ocm22693823</subfield>
		<subfield code="s">princeton_aco002288:v.1</subfield>
		<subfield code="s">princeton_aco002291:v.2</subfield>
		<subfield code="s">princeton_aco002289:v.3</subfield>
		<subfield code="s">princeton_aco002286:v.4</subfield>
		<subfield code="s">princeton_aco002283:v.5</subfield>
		<subfield code="s">princeton_aco002285:v.6</subfield>
		<subfield code="s">princeton_aco002281:v.7</subfield>
		<subfield code="s">princeton_aco002280:v.8</subfield>
		<subfield code="s">princeton_aco002290:v.9</subfield>
		<subfield code="s">princeton_aco002292:v.11</subfield>
		<subfield code="s">princeton_aco002293:v.10</subfield>
		<subfield code="e">(ERROR-880)</subfield>
		<subfield code="s">princeton_aco002288:v.1</subfield>
		<subfield code="s">princeton_aco002291:v.2</subfield>
		<subfield code="s">princeton_aco002289:v.3</subfield>
		<subfield code="s">princeton_aco002286:v.4</subfield>
		<subfield code="s">princeton_aco002283:v.5</subfield>
		<subfield code="s">princeton_aco002285:v.6</subfield>
		<subfield code="s">princeton_aco002281:v.7</subfield>
		<subfield code="s">princeton_aco002280:v.8</subfield>
		<subfield code="s">princeton_aco002290:v.9</subfield>
		<subfield code="s">princeton_aco002292:v.11</subfield>
		<subfield code="s">princeton_aco002293:v.10</subfield>
	</datafield>
</record>
